%% This BibTeX bibliography file was created using BibDesk.
%% http://bibdesk.sourceforge.net/


%% Created for James-A. Goulet at 2019-02-19 07:43:28 -0500 


%% Saved with string encoding Unicode (UTF-8) 



@article{lynch2006summary,
	Author = {Lynch, J.P. and Loh, K.J.},
	Date-Added = {2011-12-16 15:34:11 +0000},
	Date-Modified = {2011-12-16 15:34:11 +0000},
	Journal = {Shock and Vibration Digest},
	Number = {2},
	Pages = {91--130},
	Publisher = {Citeseer},
	Title = {A summary review of wireless sensors and sensor networks for structural health monitoring},
	Volume = {38},
	Year = {2006}}

@article{li2016state,
	Author = {Li, Hong-Nan and Ren, Liang and Jia, Zi-Guang and Yi, Ting-Hua and Li, Dong-Sheng},
	Date-Added = {2018-05-25 19:41:55 +0000},
	Date-Modified = {2018-05-25 19:41:55 +0000},
	Journal = {Journal of Civil Structural Health Monitoring},
	Number = {1},
	Pages = {3--16},
	Publisher = {Springer},
	Title = {State-of-the-art in structural health monitoring of large and complex civil infrastructures},
	Volume = {6},
	Year = {2016}}

@book{Goodfellow-et-al-2016,
	Author = {Ian Goodfellow and Yoshua Bengio and Aaron Courville},
	Publisher = {MIT Press},
	Title = {Deep Learning},
	Year = {2016}}

@article{hua2007modeling,
	Author = {Hua, XG and Ni, YQ and Ko, JM and Wong, KY},
	Date-Added = {2018-05-25 18:41:51 +0000},
	Date-Modified = {2018-05-25 18:41:51 +0000},
	Journal = {Journal of Computing in Civil Engineering},
	Number = {2},
	Pages = {122--135},
	Publisher = {American Society of Civil Engineers},
	Title = {Modeling of temperature--frequency correlation using combined principal component analysis and support vector regression technique},
	Volume = {21},
	Year = {2007}}

@article{mata2011interpretation,
	Author = {J. Mata},
	Date-Added = {2017-05-31 21:58:43 +0000},
	Date-Modified = {2017-05-31 21:58:52 +0000},
	Doi = {10.1016/j.engstruct.2010.12.011},
	Issn = {0141-0296},
	Journal = {Engineering Structures},
	Keywords = {Multiple linear regression},
	Number = {3},
	Pages = {903 - 910},
	Title = {Interpretation of concrete dam behaviour with artificial neural network and multiple linear regression models},
	Volume = {33},
	Year = {2011},
	Bdsk-Url-1 = {https://doi.org/10.1016/j.engstruct.2010.12.011}}

@article{li2011damage,
	Author = {Xia, Yong and Chen, Bo and Zhou, Xiao-qing and Xu, You-lin},
	Date-Added = {2018-05-25 19:10:07 +0000},
	Date-Modified = {2018-05-25 19:12:10 +0000},
	Journal = {Structural Control and Health Monitoring},
	Number = {2},
	Pages = {207--226},
	Title = {Damage identification in civil engineering structures utilizing PCA-compressed residual frequency response functions and neural network ensembles},
	Volume = {18},
	Year = {2011}}

@article{STC:STC2035,
	Author = {Goulet, J.-A.},
	Date-Added = {2017-05-23 18:25:21 +0000},
	Date-Modified = {2018-02-01 12:51:18 +0000},
	Doi = {10.1002/stc.2035},
	Issn = {1545-2263},
	Journal = {Structural Control and Health Monitoring},
	Keywords = {Bayesian models, bridge, dynamic linear models, infrastructure, Kalman filter, structural health monitoring (SHM)},
	Pages = {e2035--n/a},
	Title = {Bayesian dynamic linear models for structural health monitoring},
	Volume = {24},
	Year = {2017},
	Bdsk-Url-1 = {https://doi.org/10.1002/stc.2035}}

@book{sarkka2013bayesian,
	Author = {S{\"a}rkk{\"a}, Simo},
	Date-Added = {2016-11-10 11:41:04 +0000},
	Date-Modified = {2016-11-10 11:41:04 +0000},
	Publisher = {Cambridge University Press},
	Title = {Bayesian filtering and smoothing},
	Volume = {3},
	Year = {2013}}

@article{Nguyen2018,
	Author = {Nguyen, L. H. and Goulet, J.-A.},
	Date-Added = {2018-01-30 12:11:37 +0000},
	Date-Modified = {2018-02-01 13:11:39 +0000},
	Doi = {10.1002/stc.2136},
	Issn = {1545-2263},
	Journal = {Structural Control and Health Monitoring},
	Keywords = {anomaly detection, bayesian, dynamic linear models, false alarm, structural health monitoring, Switch Kalman Filter},
	Pages = {e2136--n/a},
	Title = {Anomaly detection with the Switching Kalman Filter for structural health monitoring},
	Year = {2018},
	Bdsk-Url-1 = {https://doi.org/10.1002/stc.2136}}

@article{Nguyen2018187,
	Author = {L.H. Nguyen and J-A. Goulet},
	Date-Added = {2018-04-01 11:15:39 +0000},
	Date-Modified = {2018-04-01 11:15:54 +0000},
	Issn = {0141-0296},
	Journal = {Engineering Structures},
	Pages = {187 - 194},
	Title = {Structural Health Monitoring with dependence on non-harmonic periodic hidden covariates},
	Volume = {166},
	Year = {2018}}

@article{Nguyen2018UncertaintyBDLM,
	Author = {Nguyen, Luong Ha and Gaudot, Ianis and Goulet, James-A.},
	Doi = {10.1002/stc.2309},
	Eprint = {https://onlinelibrary.wiley.com/doi/pdf/10.1002/stc.2309},
	Journal = {Structural Control and Health Monitoring},
	Keywords = {Bayesian, dam, dynamic linear models, Kalman filter, structural health monitoring, uncertainty},
	Note = {e2309 stc.2309},
	Number = {3},
	Pages = {e2309},
	Title = {Uncertainty quantification for model parameters and hidden state variables in Bayesian dynamic linear models},
	Url = {https://onlinelibrary.wiley.com/doi/abs/10.1002/stc.2309},
	Volume = {26},
	Year = 2019,
	Bdsk-Url-1 = {https://onlinelibrary.wiley.com/doi/abs/10.1002/stc.2309},
	Bdsk-Url-2 = {https://doi.org/10.1002/stc.2309}}

@article{Nguyen2019KRBDLM,
	Author = {Nguyen, Luong Ha and Gaudot, Ianis and Khazaeli, Shervin and Goulet, James-A.},
	Doi = {10.3389/fbuil.2019.00008},
	Journal = {Frontiers in Built Environment},
	Keywords = {Bayesian, dam, dynamic linear models, Kalman filter, structural health monitoring, uncertainty},
	Number = {0},
	Pages = {8},
	Title = {A Kernel-based Method for Modeling Non-Harmonic Periodic Phenomena in Bayesian Dynamic Linear Models},
	Volume = {5},
	Year = 2019,
	Bdsk-Url-1 = {https://doi.org/10.3389/fbuil.2019.00008}}

@article{ni2005correlating,
	Author = {Ni, YQ and Hua, XG and Fan, KQ and Ko, JM},
	Date-Added = {2018-05-25 18:35:31 +0000},
	Date-Modified = {2018-05-25 18:35:31 +0000},
	Journal = {Engineering Structures},
	Number = {12},
	Pages = {1762--1773},
	Publisher = {Elsevier},
	Title = {Correlating modal properties with temperature using long-term monitoring data and support vector machine technique},
	Volume = {27},
	Year = {2005}}

@article{yuen2010modeling,
	Author = {Yuen, Ka-Veng and Kuok, Sin-Chi},
	Date-Added = {2018-05-25 18:32:11 +0000},
	Date-Modified = {2018-05-25 18:32:11 +0000},
	Journal = {Earthquake Engineering and Engineering Vibration},
	Number = {2},
	Pages = {295--306},
	Publisher = {Springer},
	Title = {Modeling of environmental influence in structural health assessment for reinforced concrete buildings},
	Volume = {9},
	Year = {2010}}

@article{xia2012temperature,
	Author = {Xia, Y. and Chen, B. and Weng, S. and Ni, Y.-Q. and Xu, Y.-L.},
	Date-Added = {2018-02-06 22:14:09 +0000},
	Date-Modified = {2018-02-06 22:16:12 +0000},
	Journal = {Journal of civil structural health monitoring},
	Number = {1},
	Pages = {29--46},
	Publisher = {Springer},
	Title = {Temperature effect on vibration properties of civil structures: a literature review and case studies},
	Volume = {2},
	Year = {2012}}

@inproceedings{limongelli2016towards,
	Author = {Limongelli, Maria Pina and Chatzi, Eleni and D{\"o}hler, Michael and Lombaert, Geert and Reynders, Edwin},
	Booktitle = {EWSHM-8th European Workshop on Structural Health Monitoring},
	Date-Added = {2018-05-25 18:24:36 +0000},
	Date-Modified = {2018-05-25 18:24:36 +0000},
	Title = {Towards extraction of vibration-based damage indicators},
	Year = {2016}}

@article{enckell2011evaluation,
	Author = {Enckell, Merit and Glisic, Branko and Myrvoll, Frank and Bergstrand, Benny},
	Date-Added = {2018-05-25 17:44:57 +0000},
	Date-Modified = {2018-05-25 17:44:57 +0000},
	Journal = {Journal of Civil Structural Health Monitoring},
	Number = {1-2},
	Pages = {37--46},
	Publisher = {Springer},
	Title = {Evaluation of a large-scale bridge strain, temperature and crack monitoring with distributed fibre optic sensors},
	Volume = {1},
	Year = {2011}}

@article{xia2011variation,
	Author = {Xia, Yong and Xu, You-Lin and Wei, Ze-Long and Zhu, Hong-Ping and Zhou, Xiao-Qing},
	Date-Added = {2018-06-29 22:01:23 +0000},
	Date-Modified = {2018-06-29 22:01:23 +0000},
	Journal = {Engineering Structures},
	Number = {1},
	Pages = {146--153},
	Publisher = {Elsevier},
	Title = {Variation of structural vibration characteristics versus non-uniform temperature distribution},
	Volume = {33},
	Year = {2011}}

@inbook{Allen1997,
	Address = {Boston, MA},
	Author = {Allen, Michael Patrick},
	Booktitle = {Understanding Regression Analysis},
	Pages = {176--180},
	Publisher = {Springer US},
	Title = {The problem of multicollinearity},
	Year = {1997}}

@article{pearson1901liii,
	Author = {Pearson, Karl},
	Date-Added = {2018-05-25 18:51:03 +0000},
	Date-Modified = {2018-05-25 18:51:03 +0000},
	Journal = {The London, Edinburgh, and Dublin Philosophical Magazine and Journal of Science},
	Number = {11},
	Pages = {559--572},
	Publisher = {Taylor \& Francis},
	Title = {LIII. On lines and planes of closest fit to systems of points in space},
	Volume = {2},
	Year = {1901}}

@inproceedings{Abdi_partialleast,
	Author = {Herv\'e Abdi},
	Booktitle = {In Encyclopedia of Social Sciences Research},
	Publisher = {Sage Publications},
	Title = {Partial least squares (PLS) regression},
	Year = {2003}}

@article{Hoerl:2000,
	Acmid = {338461},
	Address = {Alexandria, Va, USA},
	Author = {Hoerl, Arthur E. and Kennard, Robert W.},
	Doi = {10.2307/1271436},
	Issn = {0040-1706},
	Issue_Date = {Feb. 2000},
	Journal = {Technometrics},
	Month = feb,
	Number = {1},
	Numpages = {7},
	Pages = {80--86},
	Publisher = {American Society for Quality Control and American Statistical Association},
	Title = {Ridge Regression: Biased Estimation for Nonorthogonal Problems},
	Url = {http://dx.doi.org/10.2307/1271436},
	Volume = {42},
	Year = {2000},
	Bdsk-Url-1 = {http://dx.doi.org/10.2307/1271436}}

@article{worden2000damage,
	Author = {Worden, Keith and Manson, Graeme and Fieller, Nick RJ},
	Date-Added = {2018-05-25 18:52:39 +0000},
	Date-Modified = {2018-05-25 18:52:39 +0000},
	Journal = {Journal of Sound and Vibration},
	Number = {3},
	Pages = {647--667},
	Publisher = {Elsevier},
	Title = {Damage detection using outlier analysis},
	Volume = {229},
	Year = {2000}}

@article{yan2005structural,
	Author = {Yan, A-M and Kerschen, Ga{\"e}tan and De Boe, Pascal and Golinval, J-C},
	Date-Added = {2018-06-25 17:55:37 +0000},
	Date-Modified = {2018-06-25 17:55:37 +0000},
	Journal = {Mechanical Systems and Signal Processing},
	Number = {4},
	Pages = {847--864},
	Publisher = {Elsevier},
	Title = {Structural damage diagnosis under varying environmental conditions---part I: a linear analysis},
	Volume = {19},
	Year = {2005}}

@article{magalhaes2012vibration,
	Author = {Magalh{\~a}es, F and Cunha, A and Caetano, E},
	Date-Added = {2018-06-26 20:58:07 +0000},
	Date-Modified = {2018-06-26 20:58:07 +0000},
	Journal = {Mechanical Systems and Signal Processing},
	Pages = {212--228},
	Publisher = {Elsevier},
	Title = {Vibration based structural health monitoring of an arch bridge: from automated OMA to damage detection},
	Volume = {28},
	Year = {2012}}

@article{abdi2010principal,
	Author = {Abdi, Herv{\'e} and Williams, Lynne J},
	Journal = {Wiley interdisciplinary reviews: computational statistics},
	Number = {4},
	Pages = {433--459},
	Publisher = {Wiley Online Library},
	Title = {Principal component analysis},
	Volume = {2},
	Year = {2010}}

@book{west1999bayesian,
	Author = {West, M. and Harrison, J.},
	Publisher = {Springer New York},
	Series = {Springer Series in Statistics},
	Title = {Bayesian Forecasting and Dynamic Models},
	Year = {1999}}

@book{murphy2012machine,
	Author = {Murphy, K. P.},
	Publisher = {The MIT Press},
	Title = {Machine learning: a probabilistic perspective},
	Year = {2012}}

@manual{Welch:2001ve,
	Address = {Chapel Hill, USA},
	Author = {Welch, Greg and Bishop, Gary},
	Institution = {University of North Carolina at Chapel Hill},
	Title = {An introduction to the Kalman filter},
	Year = {2001}}

@book{simon2006optimal,
	Address = {New Jersey},
	Author = {Simon, D.},
	Publisher = {John Wiley \& Sons Inc.},
	Title = {Optimal state estimation: Kalman, H infinity, and nonlinear approaches},
	Year = {2006}}

@book{gelman2014bayesian,
	Author = {Gelman, A. and Carlin, J. B. and Stern, H. S. and Rubin, D. B.},
	Edition = {3},
	Publisher = {CRC Press},
	Title = {Bayesian data analysis},
	Year = {2014}}

@article{shlens2014,
	Author = {Jonathon Shlens},
	Journal = {CoRR},
	Title = {A Tutorial on Principal Component Analysis},
	Volume = {abs/1404.1100},
	Year = {2014}}

@book{roberts2016music,
	Author = {Roberts, Gareth E},
	Publisher = {JHU Press},
	Title = {From Music to Mathematics: Exploring the Connections},
	Year = {2016}}

@article{ni2006experimental,
	Author = {Ni, YQ and Zhou, XT and Ko, JM},
	Journal = {Journal of sound and vibration},
	Number = {1-2},
	Pages = {242--263},
	Publisher = {Elsevier},
	Title = {Experimental investigation of seismic damage identification using PCA-compressed frequency response functions and neural networks},
	Volume = {290},
	Year = {2006}}

@article{Goulet2017BDLMEmprical,
	Author = {James-A. Goulet and Ki Koo},
	Doi = {10.1061/(ASCE)BE.1943-5592.0001190},
	Journal = {Journal of Bridge Engineering},
	Number = {2},
	Pages = {05017017},
	Title = {Empirical Validation of Bayesian Dynamic Linear Models in the Context of Structural Health Monitoring},
	Volume = {23},
	Year = {2018},
	Bdsk-Url-1 = {https://doi.org/10.1061/(ASCE)BE.1943-5592.0001190}}

@inproceedings{Gaudot2019OpenBDLM,
	Author = {Gaudot, Ianis and Nguyen, Luong Ha and Khazaeli, Shervin and Goulet, James-A.},
	Booktitle = {13thProceedings from the 13th International Conference on Applications of Statistics and Probability in Civil Engineering},
	Date-Modified = {2019-02-19 07:43:28 -0500},
	Month = {May},
	Title = {Open{BDLM}, an Open-Source Software for Structural Health Monitoring using Bayesian Dynamic Linear Models},
	Year = {2019}}
